@article{Swordy2001,
        Author = {Swordy, S. P.},
        Journal = {Space Science Reviews},
        Pages = {85--94},
        Title = {The Energy Spectra and Anisotropies of Cosmic Rays},
        Volume = {99},
        Year = {2001},
}

@mastersthesis{Okumura2005,
        Author = {奥村, 曉},
        School = {東京大学大学院理学系研究科物理学専攻},
        Title = {{TeV}-$\gamma$線観測を用いた{Ashra}光電撮像系の開発的研究},
        Year = {2005},
}